<?xml version="1.0" encoding="UTF-8"?><collection xmlns="http://www.loc.gov/MARC21/slim"><record><leader>00404nam--2200133-i-4500</leader><controlfield tag="001">000018683</controlfield><controlfield tag="002">20161230</controlfield><controlfield tag="005">20161230201032</controlfield><controlfield tag="008">060222s1000------------r-----000-0-eng-d</controlfield><datafield ind1=" " ind2=" " tag="100"><subfield code="a">Flett, M.St.C</subfield></datafield><datafield ind1=" " ind2=" " tag="245"><subfield code="a">Characteristic frequencies of chemical groups in the infra-red</subfield></datafield><datafield ind1=" " ind2=" " tag="260"><subfield code="a">Amsterdam, Elsevier Publishing Comp., 1963. Ix + 98 P</subfield></datafield><datafield ind1=" " ind2=" " tag="490"><subfield code="a">Elsevier Monographs.Chemistry Section</subfield></datafield><datafield ind1=" " ind2=" " tag="852"><subfield code="a">13875</subfield></datafield></record></collection>